@inproceedings{rossi2016continuous,
  title={Continuous Deployment of Mobile Software at Facebook (showcase)},
  author={Rossi, Chuck and Shibley, Elisa and Su, Shi and Beck, Kent and Savor, Tony and Stumm, Michael},
  booktitle={Proceedings of the 2016 24th ACM SIGSOFT International Symposium on Foundations of Software Engineering},
  pages={12--23},
  year={2016},
  organization={ACM}
}

@article{abrahamsson2017agile,
  title={Agile software development methods: Review and analysis},
  author={Abrahamsson, Pekka and Salo, Outi and Ronkainen, Jussi and Warsta, Juhani},
  journal={arXiv preprint arXiv:1709.08439},
  year={2017}
}


@Misc{github2017,
    author ={B. Firestine},
    title ={Celebrating nine years of GitHub with an anniversary sale},
    year = {2017},
    organization = {Github},
    howpublished = {\url{https://goo.gl/1pbVMh}},
    note = {[4.3.2018.]}
}

@book{chacon2014pro,
  title={Pro Git},
  author={Chacon, S. and Straub, B.},
  year={2014},
  publisher={Apress}
}

@article{fowler2006continuous,
  title={Continuous integration},
  author={Fowler, Martin and Foemmel, Matthew},
  journal={Thought-Works},
  volume={122},
  pages={14},
  year={2006}
}

@article{beck1999embracing,
  title={Embracing change with extreme programming},
  author={Beck, Kent},
  journal={Computer},
  volume={32},
  number={10},
  pages={70--77},
  year={1999},
  publisher={IEEE}
}

@book{smart2011jenkins,
  title={Jenkins: The Definitive Guide: Continuous Integration for the Masses},
  author={Smart, John Ferguson},
  year={2011},
  publisher={O'Reilly Media, Inc.}
}

@Misc{StackOverflow2017Survey,
    author ={Stack Overflow},
    title ={Stack Overflow Developer Survey 2017},
    year = {2017},
    organization = {Stack Overflow},
    howpublished = {\url{https://insights.stackoverflow.com/survey/2017}},
    note = {[5.3.2018.]}
}

@book{leszko2017continuous,
  title={Continuous Delivery with Docker and Jenkins},
  author={Leszko, Rafal},
  year={2017},
  publisher={Packt Publishing Ltd}
}

@incollection{soni2016load,
  title={Load Balancing with Nginx},
  author={Soni, Rahul},
  booktitle={Nginx},
  pages={153--171},
  year={2016},
  publisher={Springer}
}

@techreport{nguyen2017comparative,
  title={A comparative performance evaluation of web servers},
  author={Nguyen, Van Nam},
  year={2017},
  institution={VNU-UET Technical Report}
}

@Misc{Netcraft2018,
    author ={Netcraft},
    title ={February 2018 Web Server Survey},
    year = {2018},
    organization = {Netcraft},
    howpublished = {\url{https://news.netcraft.com/archives/2018/02/13/february-2018-web-server-survey.html}},
    note = {[5.3.2018.]}
}

@book{pathania2016learning,
  title={Learning Continuous Integration with Jenkins},
  author={Pathania, Nikhil},
  year={2016},
  publisher={Packt Publishing Ltd}
}

@Misc{JenkisPlugins,
    author ={Jenkis},
    title ={Jenkins Plugins},
    year = {2018},
    organization = {Jenkins},
    howpublished = {\url{https://plugins.jenkins.io/}},
    note = {[6.3.2018.]}
}

